% Encoding: UTF-8

@INPROCEEDINGS{Banko2001a,
  author = {Banko, M. and Brill, E.},
  title = {Mitigating the Paucity of Data Problem: Exploring the Effect of Training
	Corpus Size on Classifier Performance for Natural Language Processing},
  booktitle = {Proceedings of the Conference on Human Language Technology},
  year = {2001},
  address = {San Diego, USA},
}

